@article{GNN1-cao2021bgnn4vd,
    title = {BGNN4VD: Constructing Bidirectional Graph Neural-Network for Vulnerability Detection},
    journal = {Information and Software Technology},
    volume = {136},
    pages = {106576},
    year = {2021},
    issn = {0950-5849},
    doi = {https://doi.org/10.1016/j.infsof.2021.106576},
    url = {https://www.sciencedirect.com/science/article/pii/S0950584921000586},
    author = {Sicong Cao and Xiaobing Sun and Lili Bo and Ying Wei and Bin Li},
    keywords = {Vulnerability detection, Bidirectional Graph Neural-Network, Code representation},
    publisher={Elsevier}
}

@article{GNN2-zhou2019devign,
    title={Devign: Effective vulnerability identification by learning comprehensive program semantics via graph neural networks},
    author={Zhou, Yaqin and Liu, Shangqing and Siow, Jingkai and Du, Xiaoning and Liu, Yang},
    journal={Advances in neural information processing systems},
    volume={32},
    year={2019},
    publisher = {Curran Associates, Inc.},
    url = {https://proceedings.neurips.cc/paper/2019/file/49265d2447bc3bbfe9e76306ce40a31f-Paper.pdf}
}

@article{GNN3-cheng2021deepwukong,
    title={Deepwukong: Statically detecting software vulnerabilities using deep graph neural network},
    author={Cheng, Xiao and Wang, Haoyu and Hua, Jiayi and Xu, Guoai and Sui, Yulei},
    journal={ACM Transactions on Software Engineering and Methodology (TOSEM)},
    volume={30},
    number={3},
    pages={1--33},
    year={2021},
    publisher={ACM New York, NY, USA},
    month = {04},
    issn = {1049-331X},
    url = {https://doi.org/10.1145/3436877},
    doi = {10.1145/3436877},
}

@article{GNN4-IBM-suneja2020learning,
    title={Learning to map source code to software vulnerability using code-as-a-graph},
    author={Suneja, Sahil and Zheng, Yunhui and Zhuang, Yufan and Laredo, Jim and Morari, Alessandro},
    year={2020},
    volume={abs/2006.08614},
    journal   = {CoRR},
    url       = {https://arxiv.org/abs/2006.08614},
}

@article{GNN5-vsikic2022graph,
  title={Graph Neural Network for Source Code Defect Prediction},
  author={{\v{S}}iki{\'c}, Lucija and Kurdija, Adrian Satja and Vladimir, Klemo and {\v{S}}ili{\'c}, Marin},
  journal={IEEE Access},
  volume={10},
  pages={10402--10415},
  year={2022},
  publisher={IEEE},
  doi={10.1109/ACCESS.2022.3144598}
}

@inproceedings{GNN6-ganz2021explaining,
    author = {Ganz, Tom and H\"{a}rterich, Martin and Warnecke, Alexander and Rieck, Konrad},
    title = {Explaining Graph Neural Networks for Vulnerability Discovery},
    year = {2021},
    isbn = {9781450386579},
    publisher = {Association for Computing Machinery},
    address = {New York, NY, USA},
    url = {https://doi.org/10.1145/3474369.3486866},
    doi = {10.1145/3474369.3486866},
    pages = {145–156},
    numpages = {12},
    location = {Virtual Event, Republic of Korea},
    series = {AISec '21}
}

@article{GNN7-RNN-rabheru2020hybrid,
    author={Rabheru, Rishi and Hanif, Hazim and Maffeis, Sergio},
    journal={2022 IEEE Conference on Dependable and Secure Computing (DSC)}, 
    title={A Hybrid Graph Neural Network Approach for Detecting PHP Vulnerabilities}, 
    year={2022},
    pages={1-9},
    doi={10.1109/DSC54232.2022.9888816}
}

@article{GNN8-RNN-fang2022jstrong,
    title={JStrong: Malicious JavaScript detection based on code semantic representation and graph neural network},
    author={Fang, Yong and Huang, Chaoyi and Zeng, Minchuan and Zhao, Zhiying and Huang, Cheng},
    journal={Computers \& Security},
    volume={118},
    pages={102715},
    year={2022},
    issn = {0167-4048},
    doi = {https://doi.org/10.1016/j.cose.2022.102715},
    url = {https://www.sciencedirect.com/science/article/pii/S0167404822001110},
    publisher={Elsevier}
}

@inproceedings{RNN1-CNN-russell2018automated,
    title={Automated vulnerability detection in source code using deep representation learning},
    author={Russell, Rebecca and Kim, Louis and Hamilton, Lei and Lazovich, Tomo and Harer, Jacob and Ozdemir, Onur and Ellingwood, Paul and McConley, Marc},
    booktitle={2018 17th IEEE international conference on machine learning and applications (ICMLA)},
    pages={757--762},
    year={2018},
    organization={IEEE},
    doi={10.1109/ICMLA.2018.00120}
}

@article{CNN1-RNN-li2020automated,
    title={Automated vulnerability detection in source code using minimum intermediate representation learning},
    author={Li, Xin and Wang, Lu and Xin, Yang and Yang, Yixian and Chen, Yuling},
    journal={Applied Sciences},
    volume={10},
    number={5},
    pages={1692},
    year={2020},
    publisher={MDPI},
    doi = {10.3390/app10051692},
    url = {https://www.mdpi.com/2076-3417/10/5/1692},
    issn = {2076-3417}
}

@inproceedings{CNN1-MIX-duan2019vulsniper,
    title={VulSniper: Focus Your Attention to Shoot Fine-Grained Vulnerabilities.},
    author={Duan, Xu and Wu, Jingzheng and Ji, Shouling and Rui, Zhiqing and Luo, Tianyue and Yang, Mutian and Wu, Yanjun},
    year={2019},
    isbn = {9780999241141},
    publisher = {AAAI Press},
    booktitle = {Proceedings of the 28th International Joint Conference on Artificial Intelligence},
    pages = {4665–4671},
    numpages = {7},
    location = {Macao, China},
    series = {IJCAI'19}
}

@article{RNN2-li2021sysevr,
    title={Sysevr: A framework for using deep learning to detect software vulnerabilities},
    author={Li, Zhen and Zou, Deqing and Xu, Shouhuai and Jin, Hai and Zhu, Yawei and Chen, Zhaoxuan},
    journal={IEEE Transactions on Dependable and Secure Computing},
    year={2021},
    publisher={IEEE},
    volume={19},
    number={4},
    pages={2244-2258},
    doi={10.1109/TDSC.2021.3051525}
}

@article{RNN3-li2018vuldeepecker,
    title={Vuldeepecker: A deep learning-based system for vulnerability detection},
    author={Li, Zhen and Zou, Deqing and Xu, Shouhuai and Ou, Xinyu and Jin, Hai and Wang, Sujuan and Deng, Zhijun and Zhong, Yuyi},
    journal   = {CoRR},
    year={2018},
    volume    = {abs/1801.01681},
    url       = {http://arxiv.org/abs/1801.01681},
}

@article{RNN4-zou2019mu,
    title={$\mu$VulDeePecker: A Deep Learning-Based System for Multiclass Vulnerability Detection},
    author={Zou, Deqing and Wang, Sujuan and Xu, Shouhuai and Li, Zhen and Jin, Hai},
    journal={IEEE Transactions on Dependable and Secure Computing},
    volume={18},
    number={5},
    pages={2224--2236},
    year={2019},
    publisher={IEEE},
    doi={10.1109/TDSC.2019.2942930}
}

@article{RNN5-li2021vuldeelocator,
    title={Vuldeelocator: a deep learning-based fine-grained vulnerability detector},
    author={Li, Zhen and Zou, Deqing and Xu, Shouhuai and Chen, Zhaoxuan and Zhu, Yawei and Jin, Hai},
    journal={IEEE Transactions on Dependable and Secure Computing},
    year={2021},
    publisher={IEEE},
    volume={19},
    number={4},
    pages={2821-2837},
    doi={10.1109/TDSC.2021.3076142}
}

@inproceedings{RNN6-lin2017poster,
    title={POSTER: Vulnerability discovery with function representation learning from unlabeled projects},
    author={Lin, Guanjun and Zhang, Jun and Luo, Wei and Pan, Lei and Xiang, Yang},
    booktitle={Proceedings of the 2017 ACM SIGSAC Conference on Computer and Communications Security},
    pages={2539--2541},
    year={2017},
    isbn = {9781450349468},
    publisher = {Association for Computing Machinery},
    address = {New York, NY, USA},
    url = {https://doi.org/10.1145/3133956.3138840},
    doi = {10.1145/3133956.3138840},
    numpages = {3},
    location = {Dallas, Texas, USA},
    series = {CCS '17}
}

@inproceedings{RNN7-saccente2019project,
  title={Project achilles: A prototype tool for static method-level vulnerability detection of Java source code using a recurrent neural network},
  author={Saccente, Nicholas and Dehlinger, Josh and Deng, Lin and Chakraborty, Suranjan and Xiong, Yin},
  booktitle={2019 34th IEEE/ACM International Conference on Automated Software Engineering Workshop (ASEW)},
  pages={114--121},
  year={2019},
  organization={IEEE}
}

@article{taxonomy-hanif2021rise,
    title={The rise of software vulnerability: Taxonomy of software vulnerabilities detection and machine learning approaches},
    author={Hanif, Hazim and Nasir, Mohd Hairul Nizam Md and Ab Razak, Mohd Faizal and Firdaus, Ahmad and Anuar, Nor Badrul},
    journal={Journal of Network and Computer Applications},
    volume={179},
    pages={103009},
    year={2021},
    publisher={Elsevier},
    issn = {1084-8045},
    doi = {https://doi.org/10.1016/j.jnca.2021.103009},
    url = {https://www.sciencedirect.com/science/article/pii/S1084804521000369},
}

@article{NLP-APPROACH1-buratti2020exploring,
    title={Exploring software naturalness through neural language models},
    author={Buratti, Luca and Pujar, Saurabh and Bornea, Mihaela and McCarley, Scott and Zheng, Yunhui and Rossiello, Gaetano and Morari, Alessandro and Laredo, Jim and Thost, Veronika and Zhuang, Yufan and others},
    journal={arXiv preprint arXiv:2006.12641},
    volume    = {abs/2006.12641},
    year      = {2020},
    url       = {https://arxiv.org/abs/2006.12641}
}

@inproceedings{NLP-APPROACH2-hanif2022vulberta,
    author={Hanif, Hazim and Maffeis, Sergio},
    booktitle={2022 International Joint Conference on Neural Networks (IJCNN)}, 
    title={VulBERTa: Simplified Source Code Pre-Training for Vulnerability Detection}, 
    year={2022},
    pages={1-8},
    doi={10.1109/IJCNN55064.2022.9892280}
}

@article{THE-GNN-scarselli2008graph,
    title={The graph neural network model},
    author={Scarselli, Franco and Gori, Marco and Tsoi, Ah Chung and Hagenbuchner, Markus and Monfardini, Gabriele},
    journal={IEEE transactions on neural networks},
    volume={20},
    number={1},
    pages={61--80},
    year={2009},
    publisher={IEEE},
    doi={10.1109/TNN.2008.2005605}
}

@article{GGNN-li2015gated,
    title={Gated graph sequence neural networks},
    author={Li, Yujia and Tarlow, Daniel and Brockschmidt, Marc and Zemel, Richard},
    journal={arXiv preprint arXiv:1511.05493},
    year={2015}
}

@inproceedings{SCPG-wu2021vulnerability,
    title={Vulnerability detection in c/c++ source code with graph representation learning},
    author={Wu, Yuelong and Lu, Jintian and Zhang, Yunyi and Jin, Shuyuan},
    booktitle={2021 IEEE 11th Annual Computing and Communication Workshop and Conference (CCWC)},
    pages={1519--1524},
    year={2021},
    organization={IEEE},
    doi={10.1109/CCWC51732.2021.9376145}
}

@inproceedings{PHP-rabheru2020hybrid,
    title={A hybrid graph neural network approach for detecting PHP vulnerabilities},
    author={Rabheru, Rishi and Hanif, Hazim and Maffeis, Sergio},
    booktitle={2022 IEEE Conference on Dependable and Secure Computing (DSC)},
    pages={1--9},
    year={2022},
    organization={IEEE},
    doi={10.1109/DSC54232.2022.9888816}
}

@article{USE-CPG-liu2020retrieval,
    title={Retrieval-augmented generation for code summarization via hybrid gnn},
    author={Liu, Shangqing and Chen, Yu and Xie, Xiaofei and Siow, Jingkai and Liu, Yang},
    journal={arXiv preprint arXiv:2006.05405},
    year={2020},
    month = {06},
    pages = {arXiv:2006.05405},
    doi = {10.48550/arXiv.2006.05405},
}

@inproceedings{CPG-yamaguchi2014modeling,
    title={Modeling and discovering vulnerabilities with code property graphs},
    author={Yamaguchi, Fabian and Golde, Nico and Arp, Daniel and Rieck, Konrad},
    booktitle={2014 IEEE Symposium on Security and Privacy},
    pages={590--604},
    year={2014},
    organization={IEEE},
    doi={10.1109/SP.2014.44}
}

@inproceedings{DG-chalupa2020dg,
    title={DG: analysis and slicing of LLVM bitcode},
    author={Chalupa, Marek},
    booktitle={Automated Technology for Verification and Analysis: 18th International Symposium, ATVA 2020, Hanoi, Vietnam, October 19--23, 2020, Proceedings 18},
    pages={557--563},
    year={2020},
    organization={Springer},
    editor={Hung, Dang Van and Sokolsky, Oleg},
    publisher={Springer International Publishing},
    address={Cham},
    isbn={978-3-030-59152-6}
}

@article{DG-2-chalupa2020dg,
    title={DG: A program analysis library},
    author={Chalupa, Marek},
    journal={Software Impacts},
    volume={6},
    pages={100038},
    year={2020},
    publisher={Elsevier},
    issn = {2665-9638},
    doi = {https://doi.org/10.1016/j.simpa.2020.100038},
    url = {https://www.sciencedirect.com/science/article/pii/S2665963820300294}
}

@inproceedings{JOERN-CPG-guan2020code,
    title={Code property graph-based vulnerability dataset generation for source code detection},
    author={Guan, Zhibin and Wang, Xiaomeng and Xin, Wei and Wang, Jiajie},
    booktitle={Frontiers in Cyber Security: Third International Conference, FCS 2020, Tianjin, China, November 15--17, 2020, Proceedings},
    pages={584--591},
    year={2020},
    organization={Springer},
    editor={Xu, Guangquan and Liang, Kaitai and Su, Chunhua},
    publisher={Springer Singapore},
    address={Singapore},
    isbn={978-981-15-9739-8}
}

@inproceedings{JOERN-CPG-xiaomeng2018cpgva,
    title={CPGVA: code property graph based vulnerability analysis by deep learning},
    author={Xiaomeng, Wang and Tao, Zhang and Runpu, Wu and Wei, Xin and Changyu, Hou},
    booktitle={2018 10th International Conference on Advanced Infocomm Technology (ICAIT)},
    pages={184--188},
    year={2018},
    organization={IEEE},
    doi={10.1109/ICAIT.2018.8686548}
}

@inproceedings{D2A-zheng2021d2a,
    title={D2A: A dataset built for ai-based vulnerability detection methods using differential analysis},
    author={Zheng, Yunhui and Pujar, Saurabh and Lewis, Burn and Buratti, Luca and Epstein, Edward and Yang, Bo and Laredo, Jim and Morari, Alessandro and Su, Zhong},
    booktitle={2021 IEEE/ACM 43rd International Conference on Software Engineering:     Software Engineering in Practice (ICSE-SEIP)},
    pages={111--120},
    year={2021},
    organization={IEEE},
    doi={10.1109/ICSE-SEIP52600.2021.00020}
}

@book{testovani-herout,
    author={Pavel Herout},
    title={Testování pro programátory},
    publisher={Kopp},
    edition={2},
    year={2016},
    isbn={978-80-7232-481-1}
}

@bachelorsthesis{bc,
    author = {Tom\'{a}\v{s} Ber\'{a}nek},
    type = {Bakal\'{a}\v{r}sk\'{a} pr\'{a}ce},
    title = {Practical Application of Facebook Infer on Systems Code},
    school = {Vysok\'{e} u\v{c}en\'{i} technick\'{e} v Brn\v{e}, Fakulta informa\v{c}n\'{i}ch technologi\'{i}},
    year = {2021},
    location = {Brno, CZ},
    language = {english},
    url = {https://www.fit.vut.cz/study/thesis/24187/}
}

@article{static-analysis-EMANUELSSON20085,
    title = {A Comparative Study of Industrial Static Analysis Tools},
    journal = {Electronic Notes in Theoretical Computer Science},
    volume = {217},
    pages = {5-21},
    year = {2008},
    note = {Proceedings of the 3rd International Workshop on Systems Software Veriﬁcation (SSV 2008)},
    issn = {1571-0661},
    doi = {https://doi.org/10.1016/j.entcs.2008.06.039},
    url = {https://www.sciencedirect.com/science/article/pii/S1571066108003824},
    author = {Pär Emanuelsson and Ulf Nilsson},
    publisher={Elsevier}
}

@webpage{static-analysis-pros-cons,
    author =       {William Jackson},
    title =        {Static vs. dynamic code analysis: advantages and disadvantages},
    howpublished = {online},
    publisher =    {Government Media Executive Group LLC},
    year =         {2009},
    month =        {02},
    day = {09},
    url =          {https://gcn.com/cybersecurity/2009/02/static-vs-dynamic-code-analysis-advantages-and-disadvantages/287891/},
    cited =        {2023-01-29}
}

@misc{static-analysis-spa,
    author =       {Anders M\o{}ller and Michael I. Schwartzbach},
    title =        {Static Program Analysis},
    year =         {2018},
    month =        {10},
    publisher =         {Department of Computer Science, Aarhus University},
    url = {http://cs.au.dk/\~{}amoeller/spa/}
}

@inproceedings{RTEFreeParser,
    author =       "Ebalard, Arnaud and Mouy, Patricia and Benadjila, Ryad",
    title =        "Journey to a RTE-free X.509 parser",
    booktitle = {Proceedings of the Symposium sur la sécurité des technologies de l'information et des communications(SSTIC)},
    year = {2019},
    month = {06},
    pages = {171-200},
    isbn = {78-2-9551333-4-7},
    address = {Rennes, France}
}

@website{infer-web,
    author =       {{Facebook, Inc.}},
    title =        {Infer Static Analyzer},
    howpublished = {online},
    year =         {2015},
    month =        {02},
    url =          {https://fbinfer.com/},
    cited =        {2023-01-29},
    publisher = {Facebook, Inc.}
}

@mastersthesis{harmim-dip,
    author = "Dominik Harmim",
    type = "Diplomov\'{a} pr\'{a}ce",
    title = "Advanced Static Analysis of Atomicity in Concurrent Programs through Facebook Infer",
    school = "Vysok\'{e} u\v{c}en\'{i} technick\'{e} v Brn\v{e}, Fakulta informa\v{c}n\'{i}ch technologi\'{i}",
    year = 2021,
    location = "Brno, CZ",
    language = "english",
    url = "https://www.fit.vut.cz/study/thesis/24185/"
}

@bachelorsthesis{marcin-bc,
    author = "Vladim\'{i}r Marcin",
    type = "Bakal\'{a}\v{r}sk\'{a} pr\'{a}ce",
    title = "Statick\'{a} anal\'{y}za v n\'{a}stroji Facebook Infer zam\v{e}\v{r}en\'{a} na detekci uv\'{a}znut\'{i}",
    school = "Vysok\'{e} u\v{c}en\'{i} technick\'{e} v Brn\v{e}, Fakulta informa\v{c}n\'{i}ch technologi\'{i}",
    year = 2019,
    location = "Brno, CZ",
    language = "czech",
    url = "https://www.fit.vut.cz/study/thesis/21920/"
}

@bachelorsthesis{marek-bc,
    author = "Daniel Marek",
    type = "Bakal\'{a}\v{r}sk\'{a} pr\'{a}ce",
    title = "Static Analysis Using Facebook Infer Focused on Errors in RCU-Based Synchronisation",
    school = "Vysok\'{e} u\v{c}en\'{i} technick\'{e} v Brn\v{e}, Fakulta informa\v{c}n\'{i}ch technologi\'{i}",
    year = 2022,
    location = "Brno, CZ",
    language = "english",
    url = "https://www.fit.vut.cz/study/thesis/25138/"
}

@webpage{InferBO,
    author =       "Kwangkeun, Yi",
    title =        "Inferbo: Infer-based buffer overrun analyzer",
    howpublished = "online",
    year =         "2017",
    month =        "02",
    day =          "06",
    url =          "https://research.fb.com/blog/2017/02/inferbo-infer-based-buffer-overrun-analyzer/",
    cited =        "2023-01-29",
    publisher = "Meta"
}

@webpage{SeparationLogic,
    author =       {{Facebook, Inc.}},
    title =        "Separation logic and bi-abduction",
    howpublished = "online",
    year =         "2015",
    month =        "02",
    url =          "https://fbinfer.com/docs/separation-logic-and-bi-abduction/",
    cited =        "2023-01-29",
    note =         "Infer v1.1.0",
    publisher = "Meta"
}

@webpage{AllIssues,
    author =       {{Facebook, Inc.}},
    title =        "List of all issue types",
    howpublished = "online",
    year =         "2015",
    month =        "02",
    url =          "https://fbinfer.com/docs/all-issue-types/",
    cited =        "2023-01-29",
    note =         "Infer v1.1.0",
    publisher = "Facebook, Inc."
}

@webpage{infer-usage,
    author =       {{Facebook, Inc.}},
    title =        "Analyzing apps or projects",
    howpublished = "online",
    year =         "2015",
    month =        "02",
    url =          "https://fbinfer.com/docs/analyzing-apps-or-projects",
    cited =        "2023-01-29",
    note =         "Infer v1.1.0",
    publisher = "Facebook, Inc."
}

@inproceedings{SIL,
    author =       {Rijnard van Tonder and Claire Le Goues},
    title =        {Static automated program repair for heap properties},
    booktitle = {ICSE '18: Proceedings of the 40th International Conference on Software Engineering},
    year = {2018},
    month = {05},
    pages = {151-162},
    doi = {10.1145/3180155.3180250},
    isbn = {978-1-4503-5638-1},
    publisher = {Association for Computing Machinery, New York, NY, USA},
    address = {Gothenburg, Sweden}   
}
  
@inproceedings{SIL2,
    author =       {Berdine, J. and Calcagno, C. and O’Hearn, P. W.},
    title =        {Smallfoot: Modular Automatic Assertion Checking with Separation Logic},
    booktitle = {Proceedings of the 4th International Symposium on Formal Methods for components and Objects (FMCO)},
    year = {2005},
    month = {11},
    isbn = {978-3-540-36750-5},
    pages = {115-137},
    doi = {10.1007/11804192\_6},
    address = {Amsterdam, Netherlands},
    publisher = {Springer, Berlin, Germany},
}

@article{InferInFB,
    author = {Distefano, Dino and Fähndrich, Manuel and Logozzo, Francesco and O'Hearn, P. W.},
    title = {Scaling static analyses at Facebook},
    journal = {Communications of the ACM},
    volume = {62},
    number = {8},
    year = {2019},
    issn = {1557-7317},
    pages = {62-70},
    doi = {10.1145/3338112}
}

@inproceedings{DisadvantagesOfStaticAnalysis,
    author = {Johnson, Brittany and Song, Yoonki and Murphy-Hill, Emerson and Bowdidge, Robert},
    title = {Why don't software developers use static analysis tools to find bugs?},
    booktitle = {Proceedings of the 35th International Conference on Software Engineering (ICSE)},
    year = {2013},
    month = {05},
    pages = {672-681},
    doi = {10.1109/ICSE.2013.6606613},
    issn = {1558-1225},
    publisher = {IEEE, New York, NY, USA},
    address = {San Francisco, CA, USA}
}

@inproceedings{DisadvantagesOfStaticAnalysis2,
    author = {Muske, Tukaram B. and Baid, Ankit and Sanas, Tushar},
    title = {Review efforts reduction by partitioning of static analysis warnings},
    booktitle = {Proceedings of the 13th International Working Conference on Source Code Analysis and Manipulation (SCAM)},
    year = {2013},
    month = {09},
    pages = {106-115},
    doi = {10.1109/SCAM.2013.6648191},
    publisher = {IEEE, New York, NY, USA},
    address = {Eindhoven, Netherlands}
}

@webpage{gnn-usage,
    author =       "Amal Menzli",
    title =        "Graph Neural Network and Some of GNN Applications: Everything You Need to Know",
    howpublished = "online",
    year =         "2023",
    month =        "01",
    day =          "27",
    url =          "https://neptune.ai/blog/graph-neural-network-and-some-of-gnn-applications",
    cited =        "2023-01-29",
    publisher =    "Neptune Labs"
}

@manual{LLVM-bitcode,
    author = {{LLVM Project}},
    title = {LLVM Bitcode File Format},
    organization = {LLVM Project},
    revised = {2023-01-28},
    cited = {2023-01-29},
    year = {2003},
    url = {https://llvm.org/docs/BitCodeFormat.html},
    howpublished = {online}
}

@manual{LLVM-IR,
    author = {{LLVM Project}},
    title = {LLVM Language Reference Manual},
    organization = {LLVM Project},
    revised = {2023-01-28},
    cited = {2023-01-29},
    year = {2003},
    url = {https://llvm.org/docs/LangRef.html},
    howpublished = {online}
}

@webpage{llvm2cpg-webpage,
    author =       "Alex Denisov",
    title =        "LLVM meets Code Property Graphs",
    howpublished = "online",
    year =         "2021",
    month =        "02",
    day =          "23",
    url =          "https://lowlevelbits.org/llvm-meets-code-property-graphs/",
    cited =        "2023-01-29",
    publisher =    "Low Level Bits"
}

@website{joern-website,
    author =       {{The Joern Project}},
    title =        {Joern - The Bug Hunter's Workbench},
    howpublished = {online},
    year =         {2019},
    month =        {04},
    day =          {17},
    url =          {https://joern.io/},
    cited =        {2023-01-29},
    publisher =    {The Joern Project}
}

@manual{DOT,
    author = {{Graphviz}},
    title = {DOT Language},
    organization = {Graphviz},
    revised = {2022-10-04},
    cited = {2023-01-29},
    url = {https://graphviz.org/doc/info/lang.html},
    howpublished = {online}
}

@webpage{neo4j-webpage,
    author =       {{Neo4j, Inc.}},
    title =        "Native Graph Database | Neo4j Graph Database Platform",
    howpublished = "online",
    year =         "2009",
    month =        "05",
    day =          "08",
    url =          "https://neo4j.com/product/neo4j-graph-database/",
    cited =        "2023-01-29",
    publisher =    "Neo4j, Inc."
}

@manual{joern-doc,
    author =       {{The Joern Project}},
    title =        {Overview | Joern Documentation},
    howpublished = {online},
    year =         {2019},
    month =        {04},
    day =          {17},
    url =          {https://docs.joern.io/home},
    cited =        {2023-01-29},
    publisher =    {The Joern Project}
}

@manual{cmake-doc,
    author =       {{Kitware, Inc.}},
    title =        {CMAKE\_EXPORT\_COMPILE\_COMMANDS},
    howpublished = {online},
    year =         {2018},
    month =        {12},
    day =          {03},
    revised =      {2023-01-19},
    url =          {https://cmake.org/cmake/help/latest/variable/CMAKE_EXPORT_COMPILE_COMMANDS.html},
    cited =        {2023-01-29},
    publisher =    {Kitware, Inc.},
    note =         {CMake v3.25.2}
}

@manual{clang-doc,
    author =       {{The Clang Team}},
    title =        {Clang command line argument reference},
    howpublished = {online},
    year =         {2007},
    url =          {https://clang.llvm.org/docs/ClangCommandLineReference.html},
    cited =        {2023-01-29},
    publisher =    {The Clang Team},
    note =         {Clang v17.0.0}
}

@manual{llvm-link-doc,
    author = {{LLVM Project}},
    title = {llvm-link - LLVM bitcode linker},
    organization = {LLVM Project},
    revised = {2023-01-28},
    cited = {2023-01-29},
    year = {2003},
    url = {https://llvm.org/docs/LangRef.html},
    howpublished = {online},
    note = {llvm-link v17.0.0}
}

@webpage{D2A-webpage,
    author =       {{IBM Research}},
    title =        "D2A - Differential Analysis Dataset",
    howpublished = "online",
    year =         "2021",
    month =        "02",
    day =          "11",
    url =          "https://developer.ibm.com/exchanges/data/all/d2a/",
    cited =        "2023-01-29",
    publisher =    "IBM"
}

@webpage{self-traning-webpage,
    author =       {Saul Dobilas},
    title =        "Self-Training Classifier: How to Make Any Algorithm Behave Like a Semi-Supervised One",
    howpublished = "online",
    year =         "2021",
    month =        "12",
    day =          "05",
    url =          "https://towardsdatascience.com/self-training-classifier-how-to-make-any-algorithm-behave-like-a-semi-supervised-one-2958e7b54ab7",
    cited =        "2023-01-29",
    publisher =    "Towards Data Science"
}

@inproceedings{CsmockAVM,
    author =       "Kamil Dudka",
    title =        "Static Analysis and Formal Verification at Red Hat",
    booktitle = {13th Alpine Verification Meeting (AVM'19)},
    year = {2019},
    month = {September},
    address = {Brno, Czech Republic},
    url = {https://kdudka.fedorapeople.org/avm19.pdf}
}
    
@inproceedings{CsmockFLOCK,
    author =       "Kamil Dudka",
    title =        "Fully Automated Static Analysis of Fedora Packages",
    booktitle = {Flock},
    year = {2014},
    month = {August},
    address = {Prague, Czech Republic},
    url = {https://kdudka.fedorapeople.org/static-analysis-flock2014.pdf}
}

@misc{icon-compiler,
    key = "zz",
    author =       {{wishforge.games}},
    title =        {Compile Compiler Script Code Config Vector SVG Icon},
    publisher =         {SVG Repo LLC},
    url = {https://www.svgrepo.com/svg/384696/compile-compiler-script-code-config}
}

@misc{icon-funnel,
    key = "zz",
    author =       {{Eucalyp}},
    title =        {Funnel},
    publisher =    {flaticon},
    url = {https://www.svgrepo.com/svg/384696/compile-compiler-script-code-config},
}

@misc{icon-shiftleft,
    key = "zz",
    author =       {{ShiftLeft Inc.}},
    title =        {ShiftLeft Inc.},
    url = {https://github.com/ShiftLeftSecurity}
}

